@book{reichman2013emprocedures,
  title        = {Emergency Medicine Procedures},
  author       = {Eric Reichman},
  year         = {2013},
  edition      = {2},
  publisher    = {McGraw-Hill}
}

@misc{backgroundreport,
  author       = {Brianna Cathey and Nam Tran and Cooper Pearson and Richie Beck and Marcel Isper}, 
  title        = {Background, Vision, and Needs},
  institution  = {The George Washington University},
  year         = {2018}
}

@misc{sprintlog,
  author       = {Brianna Cathey and Nam Tran and Cooper Pearson and Richie Beck and Marcel Isper}, 
  title        = {Balloon Catheterization Sprint Log},
  institution  = {The George Washington University},
  year         = {2018}
}